<?xml version="1.0" encoding="UTF-8"?><collection xmlns="http://www.loc.gov/MARC21/slim"><record><leader>00389nam--2200133-i-4500</leader><controlfield tag="001">000013621</controlfield><controlfield tag="002">20161230</controlfield><controlfield tag="005">20161230201030</controlfield><controlfield tag="008">060222s1000------------r-----000-0-eng-d</controlfield><datafield ind1=" " ind2=" " tag="100"><subfield code="a">Tabucanon, Mario T</subfield></datafield><datafield ind1=" " ind2=" " tag="260"><subfield code="a">Decision Models For Industrial Systems Engi- Neers And Managgers</subfield></datafield><datafield ind1=" " ind2=" " tag="490"><subfield code="a">Bankok, Asian Institute Of Technology, 1980 Xv+461 P</subfield></datafield><datafield ind1=" " ind2=" " tag="700"><subfield code="a">Abulbhan, Pakern</subfield></datafield><datafield ind1=" " ind2=" " tag="852"><subfield code="a">65.01</subfield></datafield></record></collection>